@article{teras2016_FALSCH,
  title     = {2016 US lymphoid malignancy statistics by World Health
               Organization subtypes},
  author    = {Teras, Lauren R and DeSantis, Carol E and Cerhan, James R and
               Morton, Lindsay M and Jemal, Ahmedin and Flowers, Christopher R},
  journal   = {CA: A Cancer Journal for Clinicians},
  volume    = {66},
  number    = {6},
  pages     = {443--459},
  year      = {2016},
  language  = {},
  publisher = {Wiley Online Library}
}

@article{teras2016_RICHTIG,
  title     = {2016 {US} lymphoid malignancy statistics by World Health
               Organization subtypes},
  author    = {Teras, Lauren R and DeSantis, Carol E and Cerhan, James R and
               Morton, Lindsay M and Jemal, Ahmedin and Flowers, Christopher R},
  journal   = {CA: A Cancer Journal for Clinicians},
  volume    = {66},
  number    = {6},
  pages     = {443--459},
  year      = {2016},
  publisher = {Wiley Online Library}
}

@article{vonschulthess2010,
  author  = {von Schulthess, G. K. and Burger, C.},
  title   = {Integrating imaging modalities: what makes sense from a workflow
             perspective?},
  journal = {Eur J Nucl Med Mol Imaging},
  volume  = {37},
  number  = {5},
  pages   = {980-90},
  month   = 10,
  year    = {2010},
  type    = {Journal Article}
}

@book{swerdlow2008,
  author = {Swerdlow, S. H. and Campo, E. and Harris, N. L. and Pileri, S.
            and Stein, H. and Jaffe, E. S.},
  title = {WHO Classification of Tumours of Haematopoietic and Lymphoid
           Tissues},
  type = {Book},
  publisher = {IARC Press},
  address = {Lyon, France},
  edition = {Fourth},
  volume = {2},
  language = {},
  year = {2008}
}

@book{Schuhmacher2005,
  title     = {Prometheus: Allgemeine Anatomie und Bewegungssystem -- LernAtlas
               der Anatomie},
  author    = {Schuhmacher, U and Schulte, E and Sch{\"u}nke, M},
  year      = {2005},
  language  = {ngerman},
  edition   = {3},
  publisher = {Thieme},
  address   = {Stuttgart}
}

@incollection{incollection_a,
  author    = {Dirac, Paul},
  title     = {Titel der fiktionalen Arbeit},
  booktitle = {Titel des fiktionalen Buches},
  publisher = {Name des Verlegers},
  year      = 1950,
  editor    = {Einstein, Albert and Pauli, Wolfgang},
  volume    = 4,
  series    = 5,
  chapter   = 8,
  pages     = {201-213},
  address   = {Verlagsanschrift},
  edition   = {3},
  language  = {ngerman},
  note      = {Ein optionaler Hinweis}
}

@incollection{incollection_b,
  author    = {Dirac, Paul},
  title     = {The Title of the fictional Work},
  booktitle = {The Title of the fictional Book},
  publisher = {The name of the publisher},
  year      = 1950,
  editor    = {Einstein, Albert and Pauli, Wolfgang},
  volume    = 4,
  series    = 5,
  chapter   = 8,
  pages     = {201-213},
  address   = {The address of the publisher},
  edition   = {3},
  language  = {english},
  note      = {An optional note}
}

@incollection{Felber1996,
  title     = {Lithiumprophylaxe und Suizidpr{\"a}vention},
  author    = {Felber, W},
  editor    = {Wolfersdorf, M. and Kaschka, W.},
  booktitle = {Suizidalit{\"a}t -- Die biologische Dimension},
  pages     = {157--174},
  year      = {1996},
  language  = {ngerman},
  address   = {Berlin},
  publisher = {Springer}
}

@misc{ZitiervorgabenCGC,
  author       = {Bilz, Alexander},
  year         = 2013,
  title        = {Zitierrichtlinien f{\"u}r Dissertationen an der
                  Medizinischen Fakult√§t der TU Dresden},
  language     = {ngerman},
  howpublished = {URL~alias: \url{https://goo.gl/DbLwTW}},
  note         = {Host: \url{https://tu-dresden.de/med/mf}, Aufruf am:
                  27.04.2017}
}

@misc{humanmutationSchneider,
  author = {Schneider, Thomas},
  year         = 1998,
  title        = {BibTex `humanmutation' bibliography style},
  howpublished = {URL: \url{https://schneider.ncifcrf.gov/latex.html}},
  note         = {Aufruf am: 05.05.2017}
}

@unpublished{Cronin2017,
         author={Cronin, O.  and Keohane, D. M.  and Molloy, M. G.  and
Shanahan, F.},
         title={The effect of exercise interventions on inflammatory
biomarkers in healthy, physically inactive subjects: a systematic review},
         doi = {10.1093/qjmed/hcx091},
         year={2017},
         month={May}
}
